<?xml version="1.0" encoding="UTF-8"?><collection xmlns="http://www.loc.gov/MARC21/slim"><record><leader>00383nam--2200133-i-4500</leader><controlfield tag="001">000029234</controlfield><controlfield tag="002">20161230</controlfield><controlfield tag="005">20161230201037</controlfield><controlfield tag="008">060222s1000------------r-----000-0-eng-d</controlfield><datafield ind1=" " ind2=" " tag="080"><subfield code="a">621.38</subfield></datafield><datafield ind1=" " ind2=" " tag="245"><subfield code="a">Communications systems, radio frequency interference</subfield></datafield><datafield ind1=" " ind2=" " tag="260"><subfield code="a">New York, The Institute Of Radio Engineers, 1959</subfield></datafield><datafield ind1=" " ind2=" " tag="490"><subfield code="a">1959 I.R.E. National Convention Record</subfield></datafield><datafield ind1=" " ind2=" " tag="852"><subfield code="a">12846</subfield></datafield></record></collection>